%% This BibTeX bibliography file was created using BibDesk.
%% http://bibdesk.sourceforge.net/

%% Created for Marc Morschhauser at 2018-01-25 16:02:12 +0100 


%% Saved with string encoding Unicode (UTF-8) 



@inproceedings{sakamura2005ubiquitous,
	Author = {Sakamura, Ken and Koshizuka, Noboru},
	Booktitle = {Wireless and Mobile Technologies in Education, 2005. WMTE 2005. IEEE International Workshop on},
	Date-Added = {2018-01-25 14:58:43 +0000},
	Date-Modified = {2018-01-25 14:58:43 +0000},
	Organization = {IEEE},
	Pages = {11--20},
	Title = {Ubiquitous computing technologies for ubiquitous learning},
	Year = {2005}}

@book{midgley2014goals,
	Author = {Midgley, Carol},
	Date-Added = {2018-01-25 14:04:57 +0000},
	Date-Modified = {2018-01-25 14:04:57 +0000},
	Publisher = {Routledge},
	Title = {Goals, goal structures, and patterns of adaptive learning},
	Year = {2014}}

@article{cope2009ubiquitous,
	Author = {Cope, Bill and Kalantzis, Mary},
	Date-Added = {2018-01-25 13:40:31 +0000},
	Date-Modified = {2018-01-25 13:40:31 +0000},
	Journal = {Ubiquitous learning},
	Pages = {3--14},
	Publisher = {University of Illinois Press Champagne/Urbana, IL},
	Title = {Ubiquitous learning: An agenda for educational transformation},
	Year = {2009}}

@article{hwang2009context,
	Author = {Hwang, Gwo-Jen and Yang, Tzu-Chi and Tsai, Chin-Chung and Yang, Stephen JH},
	Date-Added = {2018-01-25 13:28:06 +0000},
	Date-Modified = {2018-01-25 13:28:06 +0000},
	Journal = {Computers \&amp; Education},
	Number = {2},
	Pages = {402--413},
	Publisher = {Elsevier},
	Title = {A context-aware ubiquitous learning environment for conducting complex science experiments},
	Volume = {53},
	Year = {2009}}

@article{hwang2008criteria,
	Author = {Hwang, Gwo-Jen and Chin-Chung, Tsai and Yang, Stephen JH},
	Date-Added = {2018-01-25 13:26:13 +0000},
	Date-Modified = {2018-01-25 13:26:13 +0000},
	Journal = {Journal of Educational Technology \&amp; Society},
	Number = {2},
	Publisher = {JSTOR},
	Title = {Criteria, strategies and research issues of context-aware ubiquitous learning},
	Volume = {11},
	Year = {2008}}

@article{sharma2011teach,
	Author = {Sharma, Aditya and Murphy, Marianne C},
	Date-Added = {2018-01-25 13:00:56 +0000},
	Date-Modified = {2018-01-25 13:00:56 +0000},
	Journal = {Information Systems Education Journal},
	Number = {4},
	Pages = {11},
	Title = {Teach or No Teach: Is Large System Education Resurging?},
	Volume = {9},
	Year = {2011}}

@article{corridori2009ways,
	Author = {Corridori, A},
	Date-Added = {2018-01-25 12:24:22 +0000},
	Date-Modified = {2018-01-25 12:24:22 +0000},
	Title = {Ways to include Enterprise Computing content in current curriculum Paper presented at the Enterprise Computing Conference},
	Year = {2009}}

@inproceedings{douglas2009enterprise,
	Author = {Douglas, David and Davis, Christine},
	Date-Added = {2018-01-25 12:15:30 +0000},
	Date-Modified = {2018-01-25 12:15:30 +0000},
	Organization = {Enterprise Computing Conference},
	Title = {Enterprise Computing: Bridging the gap to Generation-Y with RDz and zLINUX Web},
	Year = {2009}}

@article{wong2009old,
	Author = {Wong, W},
	Date-Added = {2018-01-25 12:11:47 +0000},
	Date-Modified = {2018-01-25 12:11:47 +0000},
	Journal = {Chicago Tribune},
	Title = {Old tech skills again in demand: Mainframe computing jobs vacant as the Baby Boomers who set up systems begin retiring with few educated to fill the spots},
	Year = {2009}}

@article{wallis2007s,
	Author = {Wallis, I and Rashed, B},
	Date-Added = {2018-01-25 12:09:46 +0000},
	Date-Modified = {2018-01-25 12:09:46 +0000},
	Journal = {IBM Systems Journal},
	Title = {Who's Watching the Mainframe},
	Year = {2007}}

@article{lohr2006ibm,
	Author = {Lohr, S},
	Date-Added = {2018-01-25 12:01:29 +0000},
	Date-Modified = {2018-01-25 12:01:29 +0000},
	Journal = {New York Times},
	Title = {IBM Seeks to Make the Mainframe Modern Technology},
	Volume = {3},
	Year = {2006}}

@article{lohr2008old,
	Author = {Lohr, Steve},
	Date-Added = {2018-01-25 11:55:27 +0000},
	Date-Modified = {2018-01-25 11:55:27 +0000},
	Journal = {New York Times},
	Title = {Why old technologies are still kicking},
	Volume = {4},
	Year = {2008}}

@article{carayannisenterprise,
	Author = {Carayannis, Elias G and Nikolaidis, Yiannis},
	Date-Added = {2018-01-25 11:50:21 +0000},
	Date-Modified = {2018-01-25 11:50:21 +0000},
	Title = {Enterprise Networks and Information and Communication Technologies (ICT) Standardization}}

@article{sharmaalive,
	Author = {Sharma, Aditya and Seay, Cameron and McClelland, Marilyn K},
	Date-Added = {2018-01-25 11:38:22 +0000},
	Date-Modified = {2018-01-25 11:38:22 +0000},
	Title = {Alive and Kicking: Making the Case for Mainframe Education Marianne C. Murphy mmurphy@ nccu. edu}}

@book{drucker2017theory,
	Author = {Drucker, Peter F},
	Date-Added = {2018-01-25 11:37:25 +0000},
	Date-Modified = {2018-01-25 11:37:25 +0000},
	Publisher = {Harvard Business Press},
	Title = {The Theory of the Business (Harvard Business Review Classics)},
	Year = {2017}}

@inproceedings{jones2004ubiquitous,
	Author = {Jones, Vicki and Jo, Jun H},
	Booktitle = {Beyond the comfort zone: Proceedings of the 21st ASCILITE Conference},
	Date-Added = {2018-01-25 09:47:23 +0000},
	Date-Modified = {2018-01-25 09:47:23 +0000},
	Organization = {Perth, Western Australia},
	Pages = {474},
	Title = {Ubiquitous learning environment: An adaptive teaching system using ubiquitous technology},
	Volume = {468},
	Year = {2004}}
